<?xml version="1.0" encoding="UTF-8"?>
<collection xmlns:xsi="http://www.w3.org/2001/XMLSchema-instance" xsi:schemaLocation="http://www.loc.gov/MARC21/slim http://www.loc.gov/standards/marcxml/schema/MARC21slim.xsd" xmlns="http://www.loc.gov/MARC21/slim">
<record>
  <leader>00915mam a2200241 a 4500</leader>
  <controlfield tag="001">3370522</controlfield>
  <controlfield tag="003">NNC</controlfield>
  <controlfield tag="005">20140922164758.0</controlfield>
  <controlfield tag="008">000413s1859    ua            000 0 arard</controlfield>
  <datafield tag="035" ind1=" " ind2=" ">
    <subfield code="a">(OCoLC)ocm43848315</subfield>
  </datafield>
  <datafield tag="035" ind1=" " ind2=" ">
    <subfield code="9">AVD5559CU</subfield>
  </datafield>
  <datafield tag="035" ind1=" " ind2=" ">
    <subfield code="a">(NNC)3370522</subfield>
  </datafield>
  <datafield tag="040" ind1=" " ind2=" ">
    <subfield code="a">IUL</subfield>
    <subfield code="c">IUL</subfield>
  </datafield>
  <datafield tag="050" ind1=" " ind2="4">
    <subfield code="a">BP189.B617</subfield>
    <subfield code="b">A2</subfield>
  </datafield>
  <datafield tag="100" ind1="1" ind2=" ">
    <subfield code="a">Nābulusī, ʻAbd al-Ghanī ibn Ismāʻīl,</subfield>
    <subfield code="d">1641-1731.</subfield>
  </datafield>
  <datafield tag="240" ind1="1" ind2="0">
    <subfield code="a">Hadīqah al-nadīyah sharḥ al-Ṭarīqah al-Muḥammadīyah</subfield>
  </datafield>
  <datafield tag="245" ind1="1" ind2="0">
    <subfield code="a">Kitāb al-ḥadīqah al-nadīyah sharḥ al-Ṭarīqah al-Muḥammadīyah /</subfield>
    <subfield code="c">li-ʻAbd al-Ghanī al-Nābulusī al-Ḥanafī al-Dimashqī.</subfield>
  </datafield>
  <datafield tag="246" ind1="3" ind2="0">
    <subfield code="a">Ḥadīqah al-nadīyah sharḥ al-Ṭarīqah al-Muḥammadīyah</subfield>
  </datafield>
  <datafield tag="260" ind1=" " ind2=" ">
    <subfield code="a">[Egypt :</subfield>
    <subfield code="b">s.n.],</subfield>
    <subfield code="c">1276 [1859]</subfield>
  </datafield>
  <datafield tag="300" ind1=" " ind2=" ">
    <subfield code="a">2 v.</subfield>
  </datafield>
  <datafield tag="600" ind1="0" ind2="0">
    <subfield code="a">Birgivî Mehmet Efendi,</subfield>
    <subfield code="d">approximately 1522-1573.</subfield>
    <subfield code="t">Ṭarīqah al-Muḥammadīyah.</subfield>
  </datafield>
  <datafield tag="650" ind1=" " ind2="0">
    <subfield code="a">Sufism.</subfield>
  </datafield>
  <datafield tag="955" ind1=" " ind2=" ">
    <subfield code="b">0026817160</subfield>
    <subfield code="d">glx</subfield>
    <subfield code="e">893.791 N112</subfield>
    <subfield code="v">v.1</subfield>
  </datafield>
</record>
</collection>